<?xml version="1.0" encoding="UTF-8"?><record xmlns="http://www.loc.gov/MARC21/slim" xmlns:cinclude="http://apache.org/cocoon/include/1.0" xmlns:zs="http://www.loc.gov/zing/srw/">
  <leader>00423cz  a2200133n  4500</leader>
  <controlfield tag="001">n  86843494 </controlfield>
  <controlfield tag="003">DLC</controlfield>
  <controlfield tag="005">20080428080025.0</controlfield>
  <controlfield tag="008">860729n| acannaabn          |n aad      </controlfield>
  <datafield tag="010" ind1=" " ind2=" ">
    <subfield code="a">n  86843494 </subfield>
  </datafield>
  <datafield tag="035" ind1=" " ind2=" ">
    <subfield code="a">(OCoLC)oca01642911</subfield>
  </datafield>
  <datafield tag="040" ind1=" " ind2=" ">
    <subfield code="a">DLC</subfield>
    <subfield code="b">eng</subfield>
    <subfield code="c">DLC</subfield>
    <subfield code="d">OCoLC</subfield>
  </datafield>
  <datafield tag="100" ind1="1" ind2=" ">
    <subfield code="a">Wanless, Theresa Colette</subfield>
  </datafield>
  <datafield tag="670" ind1=" " ind2=" ">
    <subfield code="a">nuc86-70448: Her Soil and soul, 1984</subfield>
    <subfield code="b">(hdg. on MnU rept.: Wanless, Theresa Colette; usage: Theresa Colette Wanless)</subfield>
  </datafield>
</record>